<record><leader>00000cas a22000007a 4500</leader><controlfield tag="001">16261936</controlfield><controlfield tag="008">870721d18821882iauwr ne      0    0eng d</controlfield><datafield ind1=" " ind2=" " tag="010"><subfield code="a">sn 87057747 </subfield></datafield><datafield ind1=" " ind2=" " tag="040"><subfield code="a">INP</subfield><subfield code="b">eng</subfield><subfield code="c">INP</subfield><subfield code="d">OCLCQ</subfield></datafield><datafield ind1=" " ind2=" " tag="042"><subfield code="a">msc</subfield></datafield><datafield ind1="0" ind2="4" tag="245"><subfield code="a">The Primghar times.</subfield></datafield><datafield ind1=" " ind2=" " tag="260"><subfield code="a">Primghar, O'Brien County, Iowa :</subfield><subfield code="b">[s.n.],</subfield><subfield code="c">1882.</subfield></datafield><datafield ind1=" " ind2=" " tag="300"><subfield code="a">1 v.</subfield></datafield><datafield ind1=" " ind2=" " tag="310"><subfield code="a">Weekly</subfield></datafield><datafield ind1="0" ind2=" " tag="362"><subfield code="a">Vol. 1, no. 1 (Jan. 12, 1882)-v. 1, no. 37 (Sept. 21, 1882).</subfield></datafield><datafield ind1=" " ind2=" " tag="752"><subfield code="a">United States</subfield><subfield code="b">Iowa</subfield><subfield code="c">O'Brien</subfield><subfield code="d">Primghar.</subfield></datafield><datafield ind1="0" ind2="0" tag="780"><subfield code="t">Primghar tribune</subfield></datafield><datafield ind1="0" ind2="0" tag="785"><subfield code="t">Paullina times</subfield><subfield code="w">(DLC)sn 87057765</subfield></datafield></record>